@misc{web:ethernet,
	author={know how},
	title={Trama Ehernet: definición, estructura y variantes.},
	note = {Last accessed 22 february 2022},
	url = {https://www.ionos.mx/digitalguide/servidores/know-how/trama-ethernet/}
}

@misc{web:broadcast,
	author={admin},
	title={Qué es Broadcast.},
	note = {Last accessed 22 february 2022},
	url = {http://huribroadcast.com/que-es-broadcast/}
}

@misc{web:unicast,
	author={Know How},
	title={Unicast: conexión dirigida entre dos puntos.},
	note = {Last accessed 22 february 2022},
	url = {https://www.ionos.mx/digitalguide/servidores/know-how/unicast/#:~:text=Una%20unicast%2C%20tambi%C3%A9n%20denominada%20difusi%C3%B3n,tiene%20lugar%20en%20ambas%20direcciones.}
}

@misc{web:multicast,
	author={Hernández Palacios Raul, Hérnandez Hérnandez Gonzalo},
	title={Comunicaciones multicast},
	note = {Last accessed 22 february 2022},
	url = {https://www.uaeh.edu.mx/scige/boletin/huejutla/n9/r1.html#:~:text=Multicast%20se%20refiere%20a%20la,%C3%BAnico%20nodo%20receptor%20de%20destino.}
}

@misc{web:promiscuo,
	author={netinbag},
	title={¿Qué es el modo promiscuo?},
	note = {Last accessed 22 february 2022},
	url = {https://www.netinbag.com/es/internet/what-is-promiscuous-mode.html}
}

@misc{web:sniffer,
	author={infotecs},
	title={¿Qué es un sniffer?},
	note = {Last accessed 22 february 2022},
	url = {https://infotecs.mx/blog/que-es-un-sniffer.html#:~:text=Un%20Sniffer%20es%20una%20aplicaci%C3%B3n,red%20de%20comunicaciones%20entre%20dispositivos.}
}